<record><leader>00000cas a22000007a 4500</leader><controlfield tag="001">27773466</controlfield><controlfield tag="008">930322d19611962ctuwr ne      0    0eng d</controlfield><datafield ind1=" " ind2=" " tag="010"><subfield code="a">sn 93053860 </subfield></datafield><datafield ind1=" " ind2=" " tag="040"><subfield code="a">CNW</subfield><subfield code="b">eng</subfield><subfield code="c">CNW</subfield><subfield code="d">OCLCQ</subfield></datafield><datafield ind1=" " ind2=" " tag="042"><subfield code="a">msc</subfield></datafield><datafield ind1="0" ind2="0" tag="245"><subfield code="a">Litchfield County beacon.</subfield></datafield><datafield ind1="3" ind2="0" tag="246"><subfield code="a">County beacon</subfield></datafield><datafield ind1=" " ind2=" " tag="260"><subfield code="a">[S.l. :</subfield><subfield code="b">s.n.]</subfield></datafield><datafield ind1=" " ind2=" " tag="300"><subfield code="a">v.</subfield></datafield><datafield ind1=" " ind2=" " tag="310"><subfield code="a">Weekly</subfield></datafield><datafield ind1="0" ind2=" " tag="362"><subfield code="a">Vol. 1, no. 1 (Nov. 30, 1961)-v. 1, no. 21 (Apr. 19, 1962).</subfield></datafield><datafield ind1=" " ind2=" " tag="500"><subfield code="a">Issues for Dec. 7, 1961-1962 published in Torrington, Conn. by Daniel Pranka.</subfield></datafield><datafield ind1=" " ind2=" " tag="500"><subfield code="a">Editor: James S. Bradley.</subfield></datafield><datafield ind1=" " ind2="4" tag="651"><subfield code="a">Torrington (Conn.)</subfield><subfield code="v">Newspapers.</subfield></datafield><datafield ind1=" " ind2="4" tag="651"><subfield code="a">Litchfield County (Conn.)</subfield><subfield code="v">Newspapers.</subfield></datafield><datafield ind1=" " ind2=" " tag="752"><subfield code="a">United States</subfield><subfield code="b">Connecticut</subfield><subfield code="c">Litchfield</subfield><subfield code="d">Torrington.</subfield></datafield><datafield ind1="1" ind2=" " tag="029"><subfield code="a">AU@</subfield><subfield code="b">000020737613</subfield></datafield></record>